% Encoding: UTF-8

@Book{Gems4,
  title     = {Spieleprogrammierung Gems 4},
  publisher = {Hanser},
  year      = {2004},
  author    = {Andrew Kirmse},
}

@Misc{LookUp,
  title        = {Render Target Lookup},
  howpublished = {\url{https://wiki.unrealengine.com/Render_Target_Lookup}},
  year         = {2014},
  note         = {aufgerufen: 12:05, 4 Januar 2017},
}

@Misc{DynTex,
  title        = {Dynamic Textures},
  howpublished = {\url{https://wiki.unrealengine.com/Dynamic_Textures}},
  year         = {2014},
  note         = {aufgerufen: 22:42, 25 August 2017},
}

@Misc{CrossCompiler,
  title        = {UE4 Dokumentation: hlsl Cross Compiler},
  howpublished = {\url{https://docs.unrealengine.com/latest/INT/Programming/Rendering/ShaderDevelopment/HLSLCrossCompiler/}},
  year         = {2017},
  note         = {aufgerufen: 12:22, 8 September 2017},
}

@Misc{PhysX,
  title        = {UE4 Dokumentation: Physics Simulation},
  howpublished = {\url{https://docs.unrealengine.com/latest/INT/Engine/Physics/}},
  year         = {2017},
  note         = {aufgerufen: 12:22, 8 September 2017},
}

@Misc{DrawMaterial,
  title        = {UE4 Dokumentation: Draw Material to Render Target},
  howpublished = {\url{https://docs.unrealengine.com/latest/INT/BlueprintAPI/Rendering/DrawMaterialtoRenderTarget/index.html}},
  year         = {2017},
  note         = {aufgerufen: 12:22, 8 September 2017},
}

@Misc{CustomNode,
  title        = {UE4 Dokumentation: Custom Expressions},
  howpublished = {\url{https://docs.unrealengine.com/latest/INT/Engine/Rendering/Materials/ExpressionReference/Custom/}},
  year         = {2017},
  note         = {aufgerufen: 12:22, 8 September 2017},
}

@Misc{FluidSurface,
  title        = {Creating a Fluid surface with Blueprints and Render Targets},
  howpublished = {\url{https://docs.unrealengine.com/latest/INT/Engine/Rendering/RenderTargets/BlueprintRenderTargets/HowTo/FluidSurface/index.html}},
  year         = {2017},
  note         = {aufgerufen: 12:22, 8 September 2017},
}

@Misc{GPUProfiling,
  title        = {GPU Profiling},
  howpublished = {\url{https://docs.unrealengine.com/latest/INT/Engine/Performance/GPU/}},
  year         = {2017},
  note         = {aufgerufen: 12:22, 8 September 2017},
}

@Article{Dorigo96theant,
  author  = {Marco Dorigo and Vittorio Maniezzo and Alberto Colorni},
  title   = {The Ant System: Optimization by a colony of cooperating agents},
  journal = {IEEE TRANSACTIONS ON SYSTEMS, MAN, AND CYBERNETICS-PART B},
  year    = {1996},
  volume  = {26},
  number  = {1},
  pages   = {29--41},
}

@Article{Reynolds87flocks,
  author  = {Craig W. Reynolds},
  title   = {Flocks, herds, and schools: a distributed behavioral model},
  journal = {Computer Graphics},
  year    = {1987},
}

@Misc{Kennedy95particleswarm,
  author = {James Kennedy and Russell Eberhart},
  title  = {Particle swarm optimization},
  year   = {1995},
}

@Misc{Olfati-Saber06flockingfor,
  author = {Reza Olfati-Saber},
  title  = {Flocking for Multi-Agent Dynamic Systems: Algorithms and Theory},
  year   = {2006},
}

@Article{Reeves83particlesystems,
  author  = {William T. Reeves},
  title   = {Particle Systems - A Technique for Modeling a Class of Fuzzy Objects},
  journal = {ACM Transactions on Graphics},
  year    = {1983},
  volume  = {2},
  pages   = {359--376},
}

@InProceedings{Tu94artificialfishes:,
  author = {Xiaoyuan Tu and Demetri Terzopoulos},
  title  = {Artificial fishes: Physics, locomotion, perception, behavior},
  year   = {1994},
  pages  = {43--50},
}

@Misc{Jadbabaie02coordinationof,
  author = {A. Jadbabaie and J. Lin and A. S. Morse},
  title  = {Coordination of Groups of Mobile Autonomous Agents Using Nearest Neighbor Rules},
  year   = {2002},
}

@Misc{Reynolds99steeringbehaviors,
  author = {Craig Reynolds},
  title  = {Steering Behaviors For Autonomous Characters},
  year   = {1999},
}

@Article{Xiong10asurvey,
  author  = {Naixue Xiong and Jing He and Yan Yang and Yanxiang He and Tai-hoon Kim and Chuan Lin},
  title   = {A Survey on Decentralized Flocking Schemes for a Set of Autonomous Mobile Robots (Invited Paper},
  journal = {Journal of Communications},
  year    = {2010},
  pages   = {31--38},
}

@InProceedings{Basu04coordinatedflocking,
  author    = {Prithwish Basu},
  title     = {Coordinated flocking of UAVs for improved connectivity of mobile ground nodes},
  booktitle = {Nodes, Proceedings of IEEE MILCOM 2004},
  year      = {2004},
  pages     = {1628--1634},
}

@Misc{ReynoldsHP,
  title        = {Boids Background and Update by Craig Reynolds},
  howpublished = {\url{http://www.red3d.com/cwr/boids/}},
  year         = {2018},
  note         = {aufgerufen: 12:00, 11 Januar 2018},
}

@Article{Oliver14Tschesche,
  author  = {Oliver Tschesche},
  title   = {Parallele Simulation und Visualisierung von großen Tierschwärmen mit OpenCL},
  journal = {Bachelorthesis},
  year    = {2014},
}

@Article{Christian04Tom,
  author = {Christian Tom},
  title  = {Ein Modell zur Simulation der Bewegung von Schwärmen},
  year   = {2004},
}

@Article{Ulm01Maschke,
  author  = {Dominik Maschke, Karsten Gugler},
  title   = {Hauptseminar Technik der Spieleprogrammierung: Simulation von Schwarmverhalten},
  journal = {Universität Ulm},
  year    = {2001},
}

@Misc{UE4MatNodes,
  title        = {UE4 Dokumentation: Material Nodes},
  howpublished = {\url{https://docs.unrealengine.com/latest/INT/Engine/Rendering/Materials/ExpressionReference/index.html}},
  year         = {2018},
  note         = {aufgerufen: 15:50, 15 Januar 2018},
}

@Misc{Ryan18Brucks,
  author       = {Ryan Brucks},
  title        = {Shaderbits - HLSL and UE4 Development Blog},
  howpublished = {\url{http://shaderbits.com/blog}},
  year         = {2018},
  note         = {aufgerufen: 9:21, 16 Januar 2018},
}

@Article{Max17Legnar,
  author  = {Maximilian Legnar},
  title   = {Implementierung einer Auftriebssimulation und einer interaktiven Wasseroberfläche für Videospiele},
  journal = {Hochschule Mannheim},
  year    = {2017},
}

@Misc{GDC2017,
  title        = {GDC 2017: Content-Driven Multipass Rendering in UE4},
  howpublished = {\url{https://www.unrealengine.com/en-US/blog/gdc-2017-content-driven-multipass-rendering-in-ue4}},
  year         = {2017},
  note         = {aufgerufen: 10:50, 16 Januar 2018},
}

@Misc{BilTexFilt,
  title        = {Bilinear Texture Filtering (Direct3D 9)},
  howpublished = {\url{https://msdn.microsoft.com/de-de/library/windows/desktop/bb172357(v=vs.85).aspx}},
  year         = {2018},
  note         = {aufgerufen: 13:43, 16 Januar 2018},
}

@Book{GPUGems1,
  title     = {GPU Gems: Programming Techniques, Tips and Tricks for Real-Time Graphics - Chapter 38},
  publisher = {Pearson Higher Education},
  year      = {2004},
  author    = {Fernando, Randima},
  isbn      = {0321228324},
}

@Book{schaetzing2005schwarm,
  title     = {Der Schwarm: Roman},
  publisher = {JFischer Taschenbuch Verlag},
  year      = {2005},
  author    = {Sch{\"a}tzing, F.},
  series    = {Fischer Taschenb{\"u}cher Allgemeine Reihe},
  isbn      = {9783596164530},
  url       = {https://books.google.de/books?id=7tKlSwAACAAJ},
}

@Misc{UE4MatIfNodes,
  title        = {UE4 Dokumentation: Material Expression Reference - Math Expressions - if},
  howpublished = {\url{https://docs.unrealengine.com/latest/INT/Engine/Rendering/Materials/ExpressionReference/Math/index.html#if}},
  year         = {2018},
  note         = {aufgerufen: 15:50, 15 Januar 2018},
}

@InProceedings{Stam:1999,
  author    = {Stam, Jos},
  title     = {Stable Fluids},
  booktitle = {Proceedings of the 26th Annual Conference on Computer Graphics and Interactive Techniques},
  year      = {1999},
  series    = {SIGGRAPH '99},
  pages     = {121--128},
  address   = {New York, NY, USA},
  publisher = {ACM Press/Addison-Wesley Publishing Co.},
  acmid     = {311548},
  doi       = {10.1145/311535.311548},
  isbn      = {0-201-48560-5},
  keywords  = {Navier-Stokes, advected textures, animation of fluids, gaseous phenomena, implicit elliptic PDE solvers, interactive modeling, stable solvers},
  numpages  = {8},
  url       = {http://dx.doi.org/10.1145/311535.311548},
}

@Article{Drebin:1988:VR,
  author     = {Drebin, Robert A. and Carpenter, Loren and Hanrahan, Pat},
  title      = {Volume Rendering},
  journal    = {SIGGRAPH Comput. Graph.},
  year       = {1988},
  volume     = {22},
  number     = {4},
  pages      = {65--74},
  month      = jun,
  issn       = {0097-8930},
  acmid      = {378484},
  address    = {New York, NY, USA},
  doi        = {10.1145/378456.378484},
  issue_date = {Aug. 1988},
  keywords   = {computer tomography, image processing, magnetic resonance imaging (MRI), medical imaging, non-destructive evaluation (NDE), scientific visualization},
  numpages   = {10},
  publisher  = {ACM},
  url        = {http://doi.acm.org/10.1145/378456.378484},
}

@Comment{jabref-meta: databaseType:bibtex;}
